<record><leader>00000cas a22000007a 4500</leader><controlfield tag="001">8326500</controlfield><controlfield tag="008">820409d18691871nyuwr ne      0   a0eng c</controlfield><datafield ind1=" " ind2=" " tag="010"><subfield code="a">sn 88074259 </subfield></datafield><datafield ind1=" " ind2=" " tag="040"><subfield code="a">NYG</subfield><subfield code="b">eng</subfield><subfield code="c">NYG</subfield><subfield code="d">MFN</subfield><subfield code="d">NSD</subfield><subfield code="d">NYS</subfield><subfield code="d">CNK</subfield><subfield code="d">NVK</subfield><subfield code="d">OCLCQ</subfield><subfield code="d">GUA</subfield><subfield code="d">KRTAS</subfield><subfield code="d">DLC</subfield><subfield code="d">OCLCF</subfield><subfield code="d">OCLCO</subfield></datafield><datafield ind1=" " ind2=" " tag="012"><subfield code="l">1</subfield></datafield><datafield ind1="0" ind2=" " tag="022"><subfield code="a">2155-0069</subfield><subfield code="2">1</subfield></datafield><datafield ind1="1" ind2=" " tag="029"><subfield code="a">AU@</subfield><subfield code="b">000025831365</subfield></datafield><datafield ind1=" " ind2=" " tag="042"><subfield code="a">pcc</subfield><subfield code="a">nsdp</subfield></datafield><datafield ind1="1" ind2="0" tag="050"><subfield code="a">ISSN RECORD</subfield></datafield><datafield ind1=" " ind2="4" tag="050"><subfield code="a">AP2</subfield><subfield code="b">.A306</subfield></datafield><datafield ind1=" " ind2="4" tag="222"><subfield code="a">The New York albion</subfield></datafield><datafield ind1="0" ind2="4" tag="245"><subfield code="a">The New York albion.</subfield></datafield><datafield ind1="3" ind2=" " tag="246"><subfield code="a">Albion</subfield></datafield><datafield ind1=" " ind2=" " tag="260"><subfield code="a">New York [N.Y. :</subfield><subfield code="b">Kinahan Cornwallis],</subfield><subfield code="c">1869-1871</subfield></datafield><datafield ind1=" " ind2=" " tag="300"><subfield code="a">v.</subfield></datafield><datafield ind1=" " ind2=" " tag="310"><subfield code="a">Weekly</subfield></datafield><datafield ind1="0" ind2=" " tag="362"><subfield code="a">Vol. 47, no. 31 (July 31, 1869)-v. 49, no. 6 (Feb. 11, 1871).</subfield></datafield><datafield ind1=" " ind2=" " tag="530"><subfield code="a">Available on microfilm from Xerox University Microfilms (American periodical series: 1800-1850); also available online.</subfield></datafield><datafield ind1=" " ind2="0" tag="651"><subfield code="a">New York (N.Y.)</subfield><subfield code="v">Newspapers.</subfield></datafield><datafield ind1=" " ind2="7" tag="655"><subfield code="a">Newspapers.</subfield><subfield code="2">fast</subfield><subfield code="0">(OCoLC)fst01423814</subfield></datafield><datafield ind1=" " ind2="7" tag="651"><subfield code="a">New York (State)</subfield><subfield code="z">New York.</subfield><subfield code="2">fast</subfield><subfield code="0">(OCoLC)fst01204333</subfield></datafield><datafield ind1=" " ind2=" " tag="752"><subfield code="a">United States</subfield><subfield code="b">New York</subfield><subfield code="c">New York</subfield><subfield code="d">New York.</subfield></datafield><datafield ind1="1" ind2=" " tag="776"><subfield code="t">New York albion (Online)</subfield><subfield code="w">(DLC)  2008233061</subfield><subfield code="w">(OCoLC)48650206</subfield></datafield><datafield ind1="0" ind2="0" tag="780"><subfield code="t">Albion (New York, N.Y. : 1857)</subfield><subfield code="x">1052-603X</subfield><subfield code="w">(DLC)sn 88074258</subfield><subfield code="w">(OCoLC)1641961</subfield></datafield><datafield ind1="0" ind2="0" tag="785"><subfield code="t">Albion (New York, N.Y. : 1871)</subfield><subfield code="x">2155-0077</subfield><subfield code="w">(DLC)sn 88074260</subfield><subfield code="w">(OCoLC)11311019</subfield></datafield><datafield ind1="4" ind2="1" tag="856"><subfield code="u">http://gateway.proquest.com/openurl?url_ver=Z39.88-2004&amp;res_dat=xri:pqd::hnp&amp;rft_val_fmt=info:ofi/fmt:kev:mtx:journal&amp;rft_dat=xri:pqd:PMID=40890</subfield></datafield><datafield ind1=" " ind2=" " tag="938"><subfield code="a">Kirtas Technologies, Inc.</subfield><subfield code="b">KRTS</subfield><subfield code="n">735916</subfield></datafield></record>